<?xml version="1.0" encoding="UTF-8"?><record xmlns="http://www.loc.gov/MARC21/slim" xmlns:cinclude="http://apache.org/cocoon/include/1.0" xmlns:zs="http://www.loc.gov/zing/srw/">
  <leader>00803cz  a2200169n  4500</leader>
  <controlfield tag="001">n  81033831 </controlfield>
  <controlfield tag="003">DLC</controlfield>
  <controlfield tag="005">19910705173905.7</controlfield>
  <controlfield tag="008">810811n| acannaab|          |a aaa |||  </controlfield>
  <datafield tag="010" ind1=" " ind2=" ">
    <subfield code="a">n  81033831 </subfield>
  </datafield>
  <datafield tag="040" ind1=" " ind2=" ">
    <subfield code="a">DLC</subfield>
    <subfield code="c">DLC</subfield>
    <subfield code="d">DLC</subfield>
    <subfield code="d">ICRL</subfield>
  </datafield>
  <datafield tag="100" ind1="1" ind2="0">
    <subfield code="a">Shveĭkin, G. P.</subfield>
  </datafield>
  <datafield tag="400" ind1="1" ind2="0">
    <subfield code="a">Shveĭkin, Gennadiĭ Petrovich</subfield>
  </datafield>
  <datafield tag="400" ind1="1" ind2="0">
    <subfield code="a">Shveĭkin, Gen. Petr.</subfield>
    <subfield code="q">(Gennadiĭ Petrovich)</subfield>
  </datafield>
  <datafield tag="670" ind1=" " ind2=" ">
    <subfield code="a">Fiziko-khimicheskie issledovanii︠a︡ soedineniĭ redkikh tugoplavkikh ėlementov, 1966-</subfield>
  </datafield>
  <datafield tag="670" ind1=" " ind2=" ">
    <subfield code="a">Bazuev, G. V. Slozhnye oksidy ėlementov s dostraivai︠u︡shchimisi︠a︡ ... 1985:</subfield>
    <subfield code="b">t.p. (G. P. Shveĭkin) colophon (Gennadiĭ Petrovich Shveĭkin)</subfield>
  </datafield>
  <datafield tag="670" ind1=" " ind2=" ">
    <subfield code="a">Sov. ėnt︠s︡ikl. slov., 4th ed., corr. &amp; aug.:</subfield>
    <subfield code="b">p. 1527 (Shveĭkin Gen. Petr., b. 1926; Soviet inorganic chemist; chl.-kor. AN SSSR (1987))</subfield>
  </datafield>
</record>